    @BOOK{Pravidla,
      author =       "Zdeněk Hlavsa and others",
      title =        "Pravidla českého pravopisu",
      publisher =    "Academia",
      edition =      "2",
      year =         "2009",
      isbn =         "80-200-1327-X",
    }
    
    @BOOK{Knuth,
      author =       "Donald E. Knuth",
      title =        "The {\TeX}book",
      publisher =    "Addison-Wesley Publishing Company",
      year =         "1996",
      isbn =         "0-201-13447-0",
    }
    
    @BOOK{Rybicka,
      author =       "Jiří Rybička",
      title =        "\LaTeX~pro začátečníky",
      publisher =    "Konvoj",
      edition =      "3",
      year =         "2003",
      isbn =         "80-7302-049-1",
    }

    @BOOK{Olsak,
      author =       "Petr Olšák",
      title =        "{\TeX}book naruby",
      publisher =    "Konvoj",
      year =         "2001",
      isbn =         "80-7302-0007-6",
    }

    @BOOK{Eikh,
      author =       "Victor Eikhout",
      title =        "{\TeX}by Topics, a {\TeX}nitian's Reference",
      publisher =    "Addison-Wesley UK",
      year =         "2001",
      isbn =         "0-201-56882-9",
    }

    @website{cstugWeb,
      author =       "Petr Sojka and others",
      title =        "Československé sdružení uživatelů {\TeX}u",
      howpublished = "online",
      url =          "http://www.cstug.cz",
      cited =        "2019-10-02"
    }

    @webpage{fitWeb,
      author =       "Zdena Rábová and Petr Hanáček and Petr Peringer and Petr Přikryl and Bohuslav Křena",
      title =        "Užitečné rady pro psaní práce",
      howpublished = "online",
      publisher =    "FIT VUT v~Brně",
      year =         "2008",
      month =        11,
      url =          "https://www.fit.vut.cz/study/theses/theses-advice/",
      cited =        "2019-10-02"
    }

    @webpage{citace,
      author =       "Zdena Rábová and Petr Hanáček and Petr Peringer and Petr Přikryl and Bohuslav Křena",
      title =        "Pravidla pro bibliografické citace",
      howpublished = "online",
      publisher =    "FIT VUT v Brně",
      year =         "2019",
      month =        3,
      url =          "https://www.fit.vut.cz/study/theses/citations/",
      cited =        "2019-10-02"
    }
   
    @MISC{biblio,
      author =       "Olga Biernátová and Jan Skůpa",
      title =        "Bibliografické odkazy a citace dokumentů",
      howpublished = "online",
      url =          "http://www.citace.com/download/CSN-ISO-690.pdf",
      publisher =    "Citace.com",
      month =        9,
      address =      "Brno",
      year =         "2011",
      cited =        "2019-10-02"
    }
   
    @webpage{formalniBP,
      author =       "Zdena Rábová and Petr Přikryl and Petr Peringer and Petr Lampa and Bohuslav Křena and jaroslav Dytrych and Petr Veigend",
      title =        "Pokyny k~bakalářským pracím a SZZ",
      howpublished = "online",
      year =         "2019",
      url =          "https://www.fit.vut.cz/study/theses/bachelor-theses/",
      cited =        "2019-10-02"
    }
   
    @webpage{formalniDP,
      author =       "Zdena Rábová and Petr Přikryl and Petr Peringer and Petr Lampa and Bohuslav Křena and jaroslav Dytrych and Petr Veigend",
      title =        "Pokyny k~diplomovým pracím a SZZ",
      howpublished = "online",
      year =         "2019",
      url =          "https://www.fit.vut.cz/study/theses/master-theses/",
      cited =        "2019-10-02"
    }
   
    @MISC{smernice,
      key =          "Szz",
      author =       "Petr Štěpánek",
      title =        "Směrnice rektora č. 72/2017 -- Úprava, odevzdávání a zveřejňování závěrečných prací",
      howpublished = "online",
      year =         "2017",
      url =          "https://www.vutbr.cz/uredni-deska/vnitrni-predpisy-a-dokumenty/smernice-c-72-2017-uprava-odevzdavani-a-zverejnovani-zaverecnych-praci-d161410",
      cited =        "2019-10-02"
    }
   
   @MISC{smerniceFIT,
      author =       "Pavel Zemčík",
      title =        "Směrnice děkana č. 7/2018 -- Úprava, odevzdávání a zveřejňování závěrečných prací na FIT VUT v Brně",
      howpublished = "online",
      year =         "2018",
      url =          "https://www.fit.vut.cz/fit/info/smernice/sm2018-07.pdf",
      cited =        "2019-10-02"
    }
   
    @website{prirucka,
      key =          "Cerna",
      author =       "Anna Černá and Jan Chromý and Hana Konečná and others",
      title =        "Internetová jazyková příručka -- Ústav pro jazyk český Akademie věd ČR, v. v. i.",
      howpublished = "online",
      publisher =    "Centrum zpracování přirozeného jazyka FI MU",
      year =         "2019",
      url =          "http://prirucka.ujc.cas.cz/",
      cited =        "2019-10-02"
    }
   
    @website{Herout,
      author =       "Adam Herout",
      title =        {herout.net -- Poznámky učitele, kouče, čtenáře.},
      howpublished = "online",
      year =         "2018",
      url =          "http://www.herout.net/",
      cited =        "2019-10-02"
    }
   
    @webpage{chyby,
      key =          "Szoke",
      author =       "Igor Szöke",
      title =        "Textová část BP/DP -- Lessons learned",
      howpublished = "online",
      year =         "2012",
      url =          "http://blog.igor.szoke.cz/2012/01/textova-cast-bpdp-lessons-learned-1.html",
      cited =        "2019-10-02"
    }
   
    @webpage{rady,
      key =          "Szoke",
      author =       "Igor Szöke",
      title =        "Píšete diplomku? 15+1 rad, které vám pomohou.",
      howpublished = "online",
      year =         "2011",
      url =          "http://blog.igor.szoke.cz/2011/12/pisete-diplomku-151-rad-ktere-vam.html",
      cited =        "2019-10-02"
    }
   
    @webpage{Beran,
      author =       "Vítězslav Beran",
      title =        "Beran-BP DP Projekty",
      howpublished = "online",
      year =         "2017",
      url =          "http://merlin.fit.vutbr.cz/wiki/index.php/Beran-BP_DP_Projekty",
      cited =        "2019-10-02"
    }

    @MISC{BeranPDF,
      author =       "Vítězslav Beran",
      title =        "Jak psát technickou zprávu",
      howpublished = "online",
      year =         "2013",
      url =          "http://www.fit.vutbr.cz/~beranv/podpora/Jak\%20psat\%20technickou\%20zpravu.pdf",
      cited =        "2019-10-00"
    }
   
    @webpage{Cernocky,
      key =          "Cernocky",
      author =       "Jan Černocký",
      title =        "Černocký BP DP -- obecně",
      howpublished = "online",
      year =         "2016",
      url =          "https://merlin.fit.vutbr.cz/wiki/index.php/Cernocky_BP_DP-obecne",
      publisher = "Wiki FIT VUT v Brně",
      cited =        "2019-10-02"
    }
   
    @webpage{CernockyEnglish,
      key =          "Cernocky",
      author =       "Jan Černocký",
      title =        "English SOS",
      howpublished = "online",
      year =         "2016",
      url =          "https://merlin.fit.vutbr.cz/wiki/index.php/English_SOS",
      cited =        "2019-10-02"
    }
   
    @MISC{Zemcik,
      author =       "Pavel Zemčík",
      title =        "Všeobecné pokyny pro studenty a vůbec",
      howpublished = "online",
      year =         "2012",
      url =          "http://www.fit.vutbr.cz/~zemcik/Pokyny.pdf",
      cited =        "2019-10-02"
    }
   
    @BOOK{Lebrun2011,
      author =       "Jean-Luc Lebrun",
      title =        "Scientific Writing 2.0: a reader and writer's guide",
      publisher =    "World Scientific Publishing",
      year =         "2011",
      edition =      "1",
      isbn =         "9814350605",
      owner =        "herout",
      timestamp =    "2015.01.20"
    }
  
    @MASTERSTHESIS{Pysny,
      author = {Radek Py{\v{s}}n{\'{y}}},
      type = {Bakal{\'{a}}{\v{r}}sk{\'{a}} pr{\'{a}}ce},
      title = {BiBTeX styl pro {\v{C}}SN ISO 690 a {\v{C}}SN ISO	690-2},
      school = {Vysok{\'{e}} u{\v{c}}en{\'{i}} technick{\'{e}} v Brn{\v{e}}, Fakulta informa{\v{c}}n{\'{i}}ch technologi{\'{i}}},
      year = {2009},
      location = {Brno, CZ},
      language = {czech},
      url = {https://www.fit.vut.cz/study/thesis/7848/}
    }
