@webpage {stablecoins,
  author = "Ryan Sean Adams",
  title = "How to make money trading stablecoins",
  howpublished = "online",
  day = "28",
  month = "4",
  year = "2020",
  url = "https://newsletter.banklesshq.com/p/how-to-make-money-trading-stablecoins",
  cited = "2021-12-28"
}

@webpage {rebalance-returns,
  author = "Anthony Xie",
  title = "When Does Portfolio Rebalancing Improve Returns?",
  howpublished = "online",
  day = "26",
  month = "10",
  year = "2016",
  url = "https://www.hodlbot.io/blog/when-does-portfolio-rebalancing-improve-returns",
  cited = "2021-12-28"
}

@webpage {portfolio-rebalancing,
  author = "The Shrimpy Team",
  title = "What is Portfolio Rebalancing?",
  howpublished = "online",
  day = "20",
  month = "4",
  year = "2021",
  url = "https://academy.shrimpy.io/post/what-is-portfolio-rebalancing",
  cited = "2021-12-28"
}

@webpage {rebalancing-strategy,
  author = "Holderlab.io",
  title = "Rebalancing Strategy For Your Crypto Portfolio",
  howpublished = "online",
  day = "28",
  month = "1",
  year = "2020",
  url = "https://medium.com/coinmonks/rebalancing-strategy-for-your-crypto-portfolio-590397f2282b",
  cited = "2021-12-28"
}

@webpage {diversify-perform-better,
  author = "Shrimpy",
  title = "Crypto Users who Diversify Perform Better",
  howpublished = "online",
  day = "17",
  month = "5",
  year = "2018",
  url = "https://hackernoon.com/crypto-users-who-diversify-perform-better-new-research-ebf775d348dd",
  cited = "2021-12-28"
}

@webpage {portfolio-diversity,
  author = "Shrimpy",
  title = "Portfolio Diversity: A Technical Analysis",
  howpublished = "online",
  day = "8",
  month = "5",
  year = "2018",
  url = "https://hackernoon.com/portfolio-diversity-a-technical-analysis-c2c49f4d3a77",
  cited = "2021-12-28"
}

@webpage {investopedia-hodl,
  author = "Jake Frankenfield",
  title = "HODL",
  howpublished = "online",
  day = "18",
  month = "12",
  year = "2021",
  url = "https://www.investopedia.com/terms/h/hodl.asp",
  revised = "revised 18. 12. 2021"
  cited = "2021-12-29"
}

@webpage {investopedia-rebalancing,
  author = "James Chen",
  title = "Rebalancing",
  howpublished = "online",
  day = "26",
  month = "4",
  year = "2020",
  url = "https://www.investopedia.com/terms/r/rebalancing.asp",
  revised = "revised 26. 4. 2020"
  cited = "2021-12-29"
}

@webpage {investopedia-rebalancing-strategies,
  author = "Arthur Pinkasovitch",
  title = "Types of Rebalancing Strategies",
  howpublished = "online",
  day = "26",
  month = "3",
  year = "2021",
  url = "https://www.investopedia.com/articles/stocks/11/rebalancing-strategies.asp",
  revised = "revised 26. 3. 2021"
  cited = "2021-12-29"
}
